@techreport{CRS-SolarWinds,
  author        = "Jaikaran, Chris",
  title         = "Federal Cybersecurity: Background and Issues for Congress",
  institution   = "Congressional Research Service",
  address       = "Washington, DC, USA",
  howpublished  = "\url{https://crsreports.congress.gov/product/pdf/R/R46926}",
  year          = "2021",
  number        = "R46926"
}
@techreport{CRS-ColonialPipeline,
  author        = "Jaikaran, Chris and Parfomak, Paul W.",
  title         = "Colonial Pipeline: The DarkSide Strikes",
  institution   = "Congressional Research Service",
  address       = "Washington, DC, USA",
  howpublished  = "\url{https://crsreports.congress.gov/product/pdf/IN/IN11667}",
  year          = "2021",
  number        = "IN11667"
}
@techreport{CRS-Equifax,
  author        = "Weiss, Eric N.",
  title         = "The Equifax Data Breach: An Overview and Issues for Congress",
  institution   = "Congressional Research Service",
  address       = "Washington, DC, USA",
  howpublished  = "\url{https://crsreports.congress.gov/product/pdf/IN/IN10792/3}",
  year          = "2017",
  number        = "IN10792"
}
@misc{GAO-SolarWinds,
  title         = "SolarWinds Cyberattack Demands Significant Federal and Private-Sector Response (infographic)",
  address       = "Washington, DC: USA",
  howpublished  = "\url{https://www.gao.gov/blog/solarwinds-cyberattack-demands-significant-federal-and-private-sector-response-infographic}",
  year          = "2021"
}
@misc{DOJ-ColonialPipeline,
  title         = "Department of Justice Seizes $2.3 Million in Cryptocurrency Paid to the Ransomware Extortionists Darkside",
  address       = "Washington, DC: USA",
  howpublished  = "\url{https://www.justice.gov/opa/pr/department-justice-seizes-23-million-cryptocurrency-paid-ransomware-extortionists-darkside}",
  year          = "2021"
}