@software{B-Ky_CTFs,
    author = {Ky, Brendon},
    title = {{Honors Thesis CTFs}},
    url = {https://github.com/brendonky18/Honors-Thesis.CTFs}
}